@TECHREPORT{GAISE:05,
  AUTHOR =        {{GAISE College Group}},
  TITLE =         {{``Guidelines for Assessment and Instruction in Statistics Education''}},
  INSTITUTION =   {American Statistical Association},
  ADDRESS =       {Alexandria, VA},
  YEAR  =         {2005},
  URL   =         {http://www.amstat.org/education/gaise, last accessed April 11, 2015}
}

@TECHREPORT{ASA:Guidelines,
  AUTHOR =        {{American Statistical Association Undergraduate Guidelines Workgroup}},
  TITLE =         {{``2014 Curriculum Guidelines for Undergraduate Programs in Statistical Science''}},
  INSTITUTION =   {American Statistical Association},
  ADDRESS =       {Alexandria, VA},
  YEAR  =         {2014},
  URL   =         {http://www.amstat.org/education/curriculumguidelines.cfm, last accessed April 11, 2015}
}


@ARTICLE{NOLAN:LANG:2010,
    author  = "Deborah Nolan and Duncan Temple Lang",
    title   = {{``Computing in the Statistics Curricula''}},
    year    = "2010",
    journal = "The American Statistician",
    volume  = "64",
    number  = "2",
    pages   = "97-107"
}

@ARTICLE{GOULD:2010,
    author  = "Robert Gould",
    title   = {{``Statistics and the Modern Student''}},
    year    = "2010",
    journal = "International Statistics Review",
    volume  = "78",
    number  = "2",
    pages   = "297-315"
}

@ARTICLE{LDA:2003,
    author  = "David M. Blei and Andrew Y. Ng and Michael I. Jordan",
    title   = {{``Latent Dirichlet Allocation''}},
    year    = "2003",
    journal = "Journal of Machine Learning Research",
    volume  = "3",
    pages   = "993-1022"
}

@Book{dataclysm,
    author = {Christian Rudder},
    title = {Dataclysm: Who We Are When We Think No One's Looking},
    publisher = {Crown},
    year = {2014}
}


@article{hort:baum:2015,
  Author = {N J Horton and B Baumer and H Wickham},
  Journal = {CHANCE},
  Title = {{``Setting the stage for data science: integration of data management skills in introductory and second courses in statistics''}},
  year    = "2015",
  volume  = "28",
  number  = {2},
  pages   = "40-50"
}

@ARTICLE{WICKHAM:2014,
    author  = "Hadley Wickham",
    journal = "{IMS} {B}ulletin",
    title   = {{``How are Data Science and Statistics different?''}},
    year    = "2014",
    volume  = "43",
    number  = {6},
    URL = {http://bulletin.imstat.org/2014/09/data-science-how-is-it-different-to-statistics/, last accessed April 11, 2015}
}

@article{YU:2014,
        Author = {Bin Yu},
        Journal = {IMS Bulletin},
        Title = {{``{IMS} Presidential Address: Let Us Own Data Science''}},
        Year = {2014},
        Volume = {43},
        Number = {7},
        URL = {http://bulletin.imstat.org/2013/10/president\%E2\%80\%99s-welcome-bin-yu/, last accessed April 11, 2015}
}

@article{DAVIDSON:2014,
  author  = "Marie Davidson",
  journal = {AMSTAT News},
  title   = {{``Aren't We Data Science?''}},
  year = "2013",
  URL = {http://magazine.amstat.org/blog/2013/07/01/datascience/, last accessed April 11, 2015}
}

@article{Pando:2014,
  author = {Adam L. Penenberg},
  title = {{``Did the mathematician who hacked {OkCupid} violate federal computer laws?''}},
  journal = {Pando Daily},
  year = "2014",
  URL = {http://pando.com/2014/01/22/did-the-mathematician-who-hacked-okcupid-violate-federal-computer-laws/, last accessed April 11, 2015}
}

@article{TED,
  author = {Amy Webb},
  title = {{``How I Hacked Online Dating''}},
  journal = {{TED} Talks},
  year = {2013}
}

@article{Strata,
  author = {Kate Crawford},
  title = {{``Algorithmic Illusions: Hidden Biases of Big Data''}},
  journal = {Strata Conference},
  year = {2013},
  URL = {https://www.youtube.com/watch?v=irP5RCdpilc, last accessed April 11, 2015}
}

@article{Wired,
  author = {Kevin Poulsen},
  title = {{``How a Math Genius Hacked OkCupid to Find True Love''}},
  journal = {WIRED},
  year = {2014},
  URL = {http://www.wired.com/wiredscience/2014/01/how-to-hack-okcupid/, last accessed April 11, 2015}
}

@article{OkTrendsLies,
  author = {Christian Rudder},
  title = {{``The Biggest Lies in Online Data''}},
  journal = {{OkTrends}: dating research from {OkCupid}},
  year = {2010},
  URL = {http://blog.okcupid.com/index.php/the-biggest-lies-in-online-dating, last accessed April 11, 2015}
}







@Book{ggplot2,
  author = {Hadley Wickham},
  title = {ggplot2: elegant graphics for data analysis},
  publisher = {Springer New York},
  year = {2009},
  isbn = {978-0-387-98140-6},
  url = {http://had.co.nz/ggplot2/book},
}

@Manual{dplyr,
    title = {{``dplyr: a grammar of data manipulation''}},
    author = {Hadley Wickham and Romain Francois},
    year = {2014},
    note = {R package version 0.2},
    url = {http://CRAN.R-project.org/package=dplyr, last accessed April 11, 2015},
  }

@Manual{mosaic,
    title = {{``mosaic: Project MOSAIC (mosaic-web.org) statistics and mathematics teaching utilities''}},
    author = {Randall Pruim and Daniel Kaplan and Nicholas Horton},
    year = {2014},
    note = {R package version 0.9.1-3},
    url = {http://CRAN.R-project.org/package=mosaic, last accessed April 11, 2015},
  }

@Manual{stringr,
    title = {{``stringr: Make it easier to work with strings''}},
    author = {Hadley Wickham},
    year = {2012},
    note = {R package version 0.6.2},
    url = {http://CRAN.R-project.org/package=stringr, last accessed April 11, 2015},
  }

@Manual{R,
    title = {{``R: A Language and Environment for Statistical Computing''}},
    author = {{R Core Team}},
    organization = {R Foundation for Statistical Computing},
    address = {Vienna, Austria},
    year = {2013},
    url = {http://www.R-project.org/, last accessed April 11, 2015},
}